@book{wang_2003,
  author = {汪志诚},
  publisher = {高等教育出版社},
  title = {热力学·统计物理},
  year = {2003}
}